@techreport{auclert2018inequality,
  title={Inequality and aggregate demand},
  author={Auclert, Adrien and Rognlie, Matthew},
  year={2018},
  institution={National Bureau of Economic Research}
}

@techreport{auclert2019using,
  title={Using the sequence-space Jacobian to solve and estimate heterogeneous-agent models},
  author={Auclert, Adrien and Bard{\'o}czy, Bence and Rognlie, Matthew and Straub, Ludwig},
  year={2019},
  institution={National Bureau of Economic Research}
}
@article{mckay2016role,
  title={The role of automatic stabilizers in the US business cycle},
  author={McKay, Alisdair and Reis, Ricardo},
  journal={Econometrica},
  volume={84},
  number={1},
  pages={141--194},
  year={2016},
  publisher={Wiley Online Library}
}
@article{hagedorn2018prices,
  title={Prices and inflation when government bonds are net wealth},
  author={Hagedorn, Marcus},
  year={2018},
  publisher={CEPR Discussion Paper No. DP12769}
}
@article{carroll1997buffer,
  title={Buffer-stock saving and the life cycle/permanent income hypothesis},
  author={Carroll, Christopher D},
  journal={The Quarterly journal of economics},
  volume={112},
  number={1},
  pages={1--55},
  year={1997},
  publisher={MIT Press}
}
@article{woodford1998doing,
  title={Doing without money: controlling inflation in a post-monetary world},
  author={Woodford, Michael},
  journal={Review of Economic Dynamics},
  volume={1},
  number={1},
  pages={173--219},
  year={1998},
  publisher={Elsevier}
}

@article{carroll2006method,
  title={The method of endogenous gridpoints for solving dynamic stochastic optimization problems},
  author={Carroll, Christopher D},
  journal={Economics letters},
  volume={91},
  number={3},
  pages={312--320},
  year={2006},
  publisher={Elsevier}
}

@article{coles2018job,
  title={Do job destruction shocks matter in the theory of unemployment?},
  author={Coles, Melvyn G and Moghaddasi Kelishomi, Ali},
  journal={American Economic Journal: Macroeconomics},
  volume={10},
  number={3},
  pages={118--36},
  year={2018}
}

@article{carroll2009precautionary,
  title={Precautionary saving and the marginal propensity to consume out of permanent income},
  author={Carroll, Christopher D},
  journal={Journal of monetary Economics},
  volume={56},
  number={6},
  pages={780--790},
  year={2009},
  publisher={Elsevier}
}

@article{fujita2007job,
  title={Job matching and propagation},
  author={Fujita, Shigeru and Ramey, Garey},
  journal={Journal of Economic dynamics and control},
  volume={31},
  number={11},
  pages={3671--3698},
  year={2007},
  publisher={Elsevier}
}

@article{coles2011new,
  title={New business start-ups and the business cycle},
  author={Coles, Melvyn G and Kelishomi, Ali Moghaddasi},
  year={2011},
  publisher={CEPR Discussion Paper No. DP8588}
}

@article{barnichon2010building,
  title={Building a composite help-wanted index},
  author={Barnichon, Regis},
  journal={Economics Letters},
  volume={109},
  number={3},
  pages={175--178},
  year={2010},
  publisher={Elsevier}
}

@article{elsby2015beveridge,
  title={The Beveridge curve: A survey},
  author={Elsby, Michael WL and Michaels, Ryan and Ratner, David},
  journal={Journal of Economic Literature},
  volume={53},
  number={3},
  pages={571--630},
  year={2015}
}

@article{reiter2009solving,
  title={Solving heterogeneous-agent models by projection and perturbation},
  author={Reiter, Michael},
  journal={Journal of Economic Dynamics and Control},
  volume={33},
  number={3},
  pages={649--665},
  year={2009},
  publisher={Elsevier}
}

@techreport{benhabib2014wealth,
  title={The wealth distribution in Bewley models with investment risk},
  author={Benhabib, Jess and Bisin, Alberto and Zhu, Shenghao},
  year={2014},
  institution={National Bureau of Economic Research}
}

@article{woodford2003interest,
  title={Interest and Prices},
  author={Woodford, Michael},
  year={2003}
}
@article{merz1995search,
  title={Search in the labor market and the real business cycle},
  author={Merz, Monika},
  journal={Journal of monetary Economics},
  volume={36},
  number={2},
  pages={269--300},
  year={1995},
  publisher={Elsevier}
}

@article{campbell1989consumption,
  title={Consumption, income, and interest rates: Reinterpreting the time series evidence},
  author={Campbell, John Y and Mankiw, N Gregory},
  journal={NBER macroeconomics annual},
  volume={4},
  pages={185--216},
  year={1989},
  publisher={MIT Press}
}

@article{huggett1993risk,
  title={The risk-free rate in heterogeneous-agent incomplete-insurance economies},
  author={Huggett, Mark},
  journal={Journal of economic Dynamics and Control},
  volume={17},
  number={5-6},
  pages={953--969},
  year={1993},
  publisher={Elsevier}
}

@techreport{bewley1976permanent,
  title={The permanent income hypothesis: A theoretical formulation.},
  author={Bewley, Truman},
  year={1976},
  institution={HARVARD UNIV CAMBRIDGE MASS}
}

@article{druedahl2019guide,
  title={A Guide On Solving Non-Convex Consumption-Saving Models},
  author={Druedahl, Jeppe},
  year={2019}
}
@techreport{Jeppe2020,
  title={Labor-Market Hysteresis and Persistent Paradox-of-Thrift Recessions},
  author={Broer, Tobias and Druedahl, Jeppe and Harmenberg, Karl and Oberg, Erik},
  year={2020},
}
@article{den2000job,
  title={Job destruction and propagation of shocks},
  author={Den Haan, Wouter J and Ramey, Garey and Watson, Joel},
  journal={American economic review},
  volume={90},
  number={3},
  pages={482--498},
  year={2000}
}

@misc{NB_wealth,
  author={Nationalbanken},    
  title = {HOUSEHOLD WEALTH AND DEBT},
  howpublished = {\url{https://www.nationalbanken.dk/en/knowledge_bank/themes/Pages/Household-wealth-and-debt.aspx}},
  note = {Accessed: 02-09-2020}
}


@misc{NB_G,
  author={Nationalbanken},    
  title = {Danish Government
Borrowing and Debt
2017},
  howpublished = {\url{https://www.nationalbanken.dk/en/publications/Pages/2020/01/Danish-government-borrowing-and-debt-2019.aspx}},
}

@misc{rouwenhorstk,
  title={K.,(1995).‘Asset Pricing Implications of Equilibrium Business Cycle Models’ Chapter 10, Frontiers of Business Cycle Research, T. Cooley},
  author={Rouwenhorst, Geert},
  publisher={Princeton University Press}
}

@article{den2000job,
  title={Job destruction and propagation of shocks},
  author={Den Haan, Wouter J and Ramey, Garey and Watson, Joel},
  journal={American economic review},
  volume={90},
  number={3},
  pages={482--498},
  year={2000}
}

@article{iskhakov2017endogenous,
  title={The endogenous grid method for discrete-continuous dynamic choice models with (or without) taste shocks},
  author={Iskhakov, Fedor and J{\o}rgensen, Thomas H and Rust, John and Schjerning, Bertel},
  journal={Quantitative Economics},
  volume={8},
  number={2},
  pages={317--365},
  year={2017},
  publisher={Wiley Online Library}
}
@article{dolado1997causes,
  title={The causes of Spanish unemployment: A structural VAR approach},
  author={Dolado, Juan J and Jimeno, Juan F},
  journal={European Economic Review},
  volume={41},
  number={7},
  pages={1281--1307},
  year={1997},
  publisher={Elsevier}
}

@article{carroll2006method,
  title={The method of endogenous gridpoints for solving dynamic stochastic optimization problems},
  author={Carroll, Christopher D},
  journal={Economics letters},
  volume={91},
  number={3},
  pages={312--320},
  year={2006},
  publisher={Elsevier}
}

@techreport{auclert2018inequality,
  title={Inequality and aggregate demand},
  author={Auclert, Adrien and Rognlie, Matthew},
  year={2018},
  institution={National Bureau of Economic Research}
}

@techreport{auclert2019using,
  title={Using the sequence-space Jacobian to solve and estimate heterogeneous-agent models},
  author={Auclert, Adrien and Bard{\'o}czy, Bence and Rognlie, Matthew and Straub, Ludwig},
  year={2019},
  institution={National Bureau of Economic Research}
}

@article{kaplan2018monetary,
  title={Monetary policy according to HANK},
  author={Kaplan, Greg and Moll, Benjamin and Violante, Giovanni L},
  journal={American Economic Review},
  volume={108},
  number={3},
  pages={697--743},
  year={2018}
}

@techreport{auclert2018intertemporal,
  title={The intertemporal keynesian cross},
  author={Auclert, Adrien and Rognlie, Matthew and Straub, Ludwig},
  year={2018},
  institution={National Bureau of Economic Research}
}
@techreport{auclert2020micro,
  title={Micro Jumps, Macro Humps: monetary policy and business cycles in an estimated HANK model},
  author={Auclert, Adrien and Rognlie, Matthew and Straub, Ludwig},
  year={2020},
  institution={National Bureau of Economic Research}
}

@article{ravn2016macroeconomic,
  title={Macroeconomic fluctuations with HANK \& SAM: An analytical approach},
  author={Ravn, Morten O and Sterk, Vincent},
  year={2016},
  publisher={CEPR Discussion Paper No. DP11696}
}

@article{rotemberg1982sticky,
  title={Sticky prices in the United States},
  author={Rotemberg, Julio J},
  journal={Journal of Political Economy},
  volume={90},
  number={6},
  pages={1187--1211},
  year={1982},
  publisher={The University of Chicago Press}
}

@article{ravn2017job,
  title={Job uncertainty and deep recessions},
  author={Ravn, Morten O and Sterk, Vincent},
  journal={Journal of Monetary Economics},
  volume={90},
  pages={125--141},
  year={2017},
  publisher={Elsevier}
}

@article{mckay2016role,
  title={The role of automatic stabilizers in the US business cycle},
  author={McKay, Alisdair and Reis, Ricardo},
  journal={Econometrica},
  volume={84},
  number={1},
  pages={141--194},
  year={2016},
  publisher={Wiley Online Library}
}

@article{floden2001idiosyncratic,
  title={Idiosyncratic risk in the United States and Sweden: Is there a role for government insurance?},
  author={Floden, Martin and Lind{\'e}, Jesper},
  journal={Review of Economic dynamics},
  volume={4},
  number={2},
  pages={406--437},
  year={2001},
  publisher={Elsevier}
}

@techreport{mckay2016optimal,
  title={Optimal automatic stabilizers},
  author={McKay, Alisdair and Reis, Ricardo},
  year={2016},
  institution={National Bureau of Economic Research}
}

\ref{@article{hobijn2009job,
  title={Job-finding and separation rates in the OECD},
  author={Hobijn, Bart and {\c{S}}ahin, Ay{\c{s}}eg{\"u}l},
  journal={Economics Letters},
  volume={104},
  number={3},
  pages={107--111},
  year={2009},
  publisher={Elsevier}
}}

@incollection{krueger2016macroeconomics,
  title={Macroeconomics and household heterogeneity},
  author={Krueger, Dirk and Mitman, Kurt and Perri, Fabrizio},
  booktitle={Handbook of Macroeconomics},
  volume={2},
  pages={843--921},
  year={2016},
  publisher={Elsevier}
}

@article{floden2001idiosyncratic,
  title={Idiosyncratic risk in the United States and Sweden: Is there a role for government insurance?},
  author={Floden, Martin and Lind{\'e}, Jesper},
  journal={Review of Economic dynamics},
  volume={4},
  number={2},
  pages={406--437},
  year={2001},
  publisher={Elsevier}
}


@article{carroll2017distribution,
  title={The distribution of wealth and the marginal propensity to consume},
  author={Carroll, Christopher and Slacalek, Jiri and Tokuoka, Kiichi and White, Matthew N},
  journal={Quantitative Economics},
  volume={8},
  number={3},
  pages={977--1020},
  year={2017},
  publisher={Wiley Online Library}
}

@article{pissarides1985short,
  title={Short-run equilibrium dynamics of unemployment, vacancies, and real wages},
  author={Pissarides, Christopher A},
  journal={The American Economic Review},
  volume={75},
  number={4},
  pages={676--690},
  year={1985},
  publisher={JSTOR}
}

@incollection{mortensen1982matching,
  title={The matching process as a noncooperative bargaining game},
  author={Mortensen, Dale T},
  booktitle={The economics of information and uncertainty},
  pages={233--258},
  year={1982},
  publisher={University of Chicago Press}
}

@article{diamond1982aggregate,
  title={Aggregate demand management in search equilibrium},
  author={Diamond, Peter A},
  journal={Journal of political Economy},
  volume={90},
  number={5},
  pages={881--894},
  year={1982},
  publisher={The University of Chicago Press}
}

@article{calvo1983staggered,
  title={Staggered prices in a utility-maximizing framework},
  author={Calvo, Guillermo A},
  journal={Journal of monetary Economics},
  volume={12},
  number={3},
  pages={383--398},
  year={1983},
  publisher={North-Holland}
}

@article{rotemberg1982sticky,
  title={Sticky prices in the United States},
  author={Rotemberg, Julio J},
  journal={Journal of Political Economy},
  volume={90},
  number={6},
  pages={1187--1211},
  year={1982},
  publisher={The University of Chicago Press}
}

@article{blanchard2002empirical,
  title={An empirical characterization of the dynamic effects of changes in government spending and taxes on output},
  author={Blanchard, Olivier and Perotti, Roberto},
  journal={the Quarterly Journal of economics},
  volume={117},
  number={4},
  pages={1329--1368},
  year={2002},
  publisher={MIT Press}
}

@techreport{blanchard2020automatic,
  title={Automatic stabilizers in a low-rate environment},
  author={Blanchard, Olivier J and Summers, Lawrence H and others},
  year={2020}
}

@article{blanchard2019public,
  title={Public debt and low interest rates},
  author={Blanchard, Olivier},
  journal={American Economic Review},
  volume={109},
  number={4},
  pages={1197--1229},
  year={2019}
}

@article{andersen2016automatic,
  title={Automatic stabilizers—the intersection of labour market and fiscal policies},
  author={Andersen, Torben M},
  journal={IZA Journal of European Labor Studies},
  volume={5},
  number={1},
  pages={11},
  year={2016},
  publisher={Springer}
}

@article{elmendorf1999government,
  title={Government debt},
  author={Elmendorf, Douglas W and Mankiw, N Gregory},
  journal={Handbook of macroeconomics},
  volume={1},
  pages={1615--1669},
  year={1999},
  publisher={Elsevier}
}

@article{barro1974government,
  title={Are government bonds net wealth?},
  author={Barro, Robert J},
  journal={Journal of political economy},
  volume={82},
  number={6},
  pages={1095--1117},
  year={1974},
  publisher={The University of Chicago Press}
}

@article{andreoni1989giving,
  title={Giving with impure altruism: Applications to charity and Ricardian equivalence},
  author={Andreoni, James},
  journal={Journal of political Economy},
  volume={97},
  number={6},
  pages={1447--1458},
  year={1989},
  publisher={The University of Chicago Press}
}

@article{eggertsson2012debt,
  title={Debt, deleveraging, and the liquidity trap: A Fisher-Minsky-Koo approach},
  author={Eggertsson, Gauti B and Krugman, Paul},
  journal={The Quarterly Journal of Economics},
  volume={127},
  number={3},
  pages={1469--1513},
  year={2012},
  publisher={MIT Press}
}

@techreport{mourre2014adjusting,
  title={Adjusting the budget balance for the business cycle: the EU methodology},
  author={Mourre, Gilles and Astarita, Caterina and Princen, Savina and others},
  year={2014},
  institution={Directorate General Economic and Financial Affairs (DG ECFIN), European~…}
}

@techreport{mourre2019semi,
  title={The Semi-Elasticities Underlying the Cyclically-Adjusted Budget Balance: An Update and Further Analysis},
  author={Mourre, Gilles and Poissonnier, Aur{\'e}lien and Lausegger, Martin and others},
  year={2019},
  institution={Directorate General Economic and Financial Affairs (DG ECFIN), European~…}
}

@article{smets2003estimated,
  title={An estimated dynamic stochastic general equilibrium model of the euro area},
  author={Smets, Frank and Wouters, Raf},
  journal={Journal of the European economic association},
  volume={1},
  number={5},
  pages={1123--1175},
  year={2003},
  publisher={Oxford University Press}
}
@article{smets2007shocks,
  title={Shocks and frictions in US business cycles: A Bayesian DSGE approach},
  author={Smets, Frank and Wouters, Rafael},
  journal={American economic review},
  volume={97},
  number={3},
  pages={586--606},
  year={2007}
}

@article{cohen1999automatic,
  title={The automatic stabilizers: Quietly doing their thing},
  author={Cohen, Darrel S and Follette, Glenn R},
  year={1999},
  publisher={FEDS Working Paper}
}

@article{bewley1986stationary,
  title={Stationary monetary equilibrium with a continuum of independently fluctuating consumers},
  author={Bewley, Truman},
  journal={Contributions to mathematical economics in honor of G{\'e}rard Debreu},
  volume={79},
  year={1986},
  publisher={North-Holland Amsterdam}
}

@article{aiyagari1994uninsured,
  title={Uninsured idiosyncratic risk and aggregate saving},
  author={Aiyagari, S Rao},
  journal={The Quarterly Journal of Economics},
  volume={109},
  number={3},
  pages={659--684},
  year={1994},
  publisher={MIT Press}
}

@article{krusell1998income,
  title={Income and wealth heterogeneity in the macroeconomy},
  author={Krusell, Per and Smith, Jr, Anthony A},
  journal={Journal of political Economy},
  volume={106},
  number={5},
  pages={867--896},
  year={1998},
  publisher={The University of Chicago Press}
}

@article{kydland1982time,
  title={Time to build and aggregate fluctuations},
  author={Kydland, Finn E and Prescott, Edward C},
  journal={Econometrica: Journal of the Econometric Society},
  pages={1345--1370},
  year={1982},
  publisher={JSTOR}
}
@article{goodfriend1997new,
  title={The new neoclassical synthesis and the role of monetary policy},
  author={Goodfriend, Marvin and King, Robert G},
  journal={NBER macroeconomics annual},
  volume={12},
  pages={231--283},
  year={1997},
  publisher={MIT Press}
}

@book{woodford2003interest,
  title={Interest and prices: Foundations of a theory of monetary policy},
  author={Woodford, Michael},
  year={2003},
  publisher={princeton university press}
}

@article{clarida1999science,
  title={The science of monetary policy: a new Keynesian perspective},
  author={Clarida, Richard and Gali, Jordi and Gertler, Mark},
  journal={Journal of economic literature},
  volume={37},
  number={4},
  pages={1661--1707},
  year={1999}
}

@article{kaplan2018monetary,
  title={Monetary policy according to HANK},
  author={Kaplan, Greg and Moll, Benjamin and Violante, Giovanni L},
  journal={American Economic Review},
  volume={108},
  number={3},
  pages={697--743},
  year={2018}
}

@article{bilbiie2018monetary,
  title={Monetary policy and heterogeneity: An analytical framework},
  author={Bilbiie, Florin Ovidiu},
  year={2018},
  publisher={CEPR Discussion Paper No. DP12601}
}
@article{yogo2004estimating,
  title={Estimating the elasticity of intertemporal substitution when instruments are weak},
  author={Yogo, Motohiro},
  journal={Review of Economics and Statistics},
  volume={86},
  number={3},
  pages={797--810},
  year={2004},
  publisher={MIT Press}
}
@article{moscarini2017job,
  title={The job ladder: Inflation vs. reallocation},
  author={Moscarini, Giuseppe and Postel-Vinay, Fabien},
  journal={Draft, Yale University},
  year={2017}
}

@article{hubmer2018job,
  title={The job ladder and its implications for earnings risk},
  author={Hubmer, Joachim},
  journal={Review of Economic Dynamics},
  volume={29},
  pages={172--194},
  year={2018},
  publisher={Elsevier}
}

@article{guvenen2017worker,
  title={Worker betas: Five facts about systematic earnings risk},
  author={Guvenen, Fatih and Schulhofer-Wohl, Sam and Song, Jae and Yogo, Motohiro},
  journal={American Economic Review},
  volume={107},
  number={5},
  pages={398--403},
  year={2017}
}

@article{campbell1989consumption,
  title={Consumption, income, and interest rates: Reinterpreting the time series evidence},
  author={Campbell, John Y and Mankiw, N Gregory},
  journal={NBER macroeconomics annual},
  volume={4},
  pages={185--216},
  year={1989},
  publisher={MIT Press}
}


@article{greenwood1988investment,
  title={Investment, capacity utilization, and the real business cycle},
  author={Greenwood, Jeremy and Hercowitz, Zvi and Huffman, Gregory W},
  journal={The American Economic Review},
  pages={402--417},
  year={1988},
  publisher={JSTOR}
}

@inproceedings{holm2020transmission,
  title={The Transmission of Monetary Policy under the Microscope},
  author={Holm, Martin Blomhoff and Paul, Pascal and Tischbirek, Andreas},
  year={2020},
  organization={Federal Reserve Bank of San Francisco}
}

@techreport{auclert2020mpcs,
  title={MPCs, MPEs and Multipliers: A Trilemma for New Keynesian Models},
  author={Auclert, Adrien and Bard{\'o}czy, Bence and Rognlie, Matthew},
  year={2020},
  institution={National Bureau of Economic Research}
}

@article{gali2012unemployment,
  title={Unemployment in an estimated New Keynesian model},
  author={Gal{\'\i}, Jordi and Smets, Frank and Wouters, Rafael},
  journal={NBER macroeconomics annual},
  volume={26},
  number={1},
  pages={329--360},
  year={2012},
  publisher={University of Chicago Press Chicago, IL}
}

@article{guvenen2014nature,
  title={The nature of countercyclical income risk},
  author={Guvenen, Fatih and Ozkan, Serdar and Song, Jae},
  journal={Journal of Political Economy},
  volume={122},
  number={3},
  pages={621--660},
  year={2014},
  publisher={University of Chicago Press Chicago, IL}
}

@article{auclert2019monetary,
  title={Monetary policy and the redistribution channel},
  author={Auclert, Adrien},
  journal={American Economic Review},
  volume={109},
  number={6},
  pages={2333--67},
  year={2019}
}

@article{guvenen2017worker,
  title={Worker betas: Five facts about systematic earnings risk},
  author={Guvenen, Fatih and Schulhofer-Wohl, Sam and Song, Jae and Yogo, Motohiro},
  journal={American Economic Review},
  volume={107},
  number={5},
  pages={398--403},
  year={2017}
}

@article{acharya2020understanding,
  title={Understanding HANK: Insights from a PRANK},
  author={Acharya, Sushant and Dogra, Keshav},
  journal={Econometrica},
  volume={88},
  number={3},
  pages={1113--1158},
  year={2020},
  publisher={Wiley Online Library}
}

@article{gali2007markups,
  title={Markups, gaps, and the welfare costs of business fluctuations},
  author={Gali, Jordi and Gertler, Mark and Lopez-Salido, J David},
  journal={The review of economics and statistics},
  volume={89},
  number={1},
  pages={44--59},
  year={2007},
  publisher={MIT Press}
}
@article{aiyagari1994uninsured,
  title={Uninsured idiosyncratic risk and aggregate saving},
  author={Aiyagari, S Rao},
  journal={The Quarterly Journal of Economics},
  volume={109},
  number={3},
  pages={659--684},
  year={1994},
  publisher={MIT Press}
}

@article{mckay2016role,
  title={The role of automatic stabilizers in the US business cycle},
  author={McKay, Alisdair and Reis, Ricardo},
  journal={Econometrica},
  volume={84},
  number={1},
  pages={141--194},
  year={2016},
  publisher={Wiley Online Library}
}
@article{smets2003estimated,
  title={An estimated dynamic stochastic general equilibrium model of the euro area},
  author={Smets, Frank and Wouters, Raf},
  journal={Journal of the European economic association},
  volume={1},
  number={5},
  pages={1123--1175},
  year={2003},
  publisher={Oxford University Press}
}

@article{balestra2018inequalities,
  title={Inequalities in household wealth across OECD countries},
  author={Balestra, Carlotta and Tonkin, Richard},
  year={2018},
  publisher={OECD}
}

@article{neamtu2014chapter,
  title={chapter 9 SOURCES AND IMPACT OF RISING INEQUALITY IN DENMARK},
  author={Neamtu, Ioana and Westergaard-Nielsen, Niels},
  journal={Changing Inequalities and Societal Impacts in Rich Countries: Thirty Countries' Experiences},
  pages={196},
  year={2014},
  publisher={Oxford University Press}
}

@article{hagedorn2018prices,
  title={Prices and inflation when government bonds are net wealth},
  author={Hagedorn, Marcus},
  year={2018},
  publisher={CEPR Discussion Paper No. DP12769}
}

@techreport{michaillat2018new,
  title={A New Keynesian model with wealth in the utility function},
  author={Michaillat, Pascal and Saez, Emmanuel},
  year={2018},
  institution={National Bureau of Economic Research}
}

@article{kaplan2018microeconomic,
  title={Microeconomic heterogeneity and macroeconomic shocks},
  author={Kaplan, Greg and Violante, Giovanni L},
  journal={Journal of Economic Perspectives},
  volume={32},
  number={3},
  pages={167--94},
  year={2018}
}

@article{kaplan2014model,
  title={A model of the consumption response to fiscal stimulus payments},
  author={Kaplan, Greg and Violante, Giovanni L},
  journal={Econometrica},
  volume={82},
  number={4},
  pages={1199--1239},
  year={2014},
  publisher={Wiley Online Library}
}

@article{ravenna2008vacancies,
  title={Vacancies, unemployment, and the Phillips curve},
  author={Ravenna, Federico and Walsh, Carl E},
  journal={European Economic Review},
  volume={52},
  number={8},
  pages={1494--1521},
  year={2008},
  publisher={Elsevier}
}


@article{den2000job,
  title={Job destruction and propagation of shocks},
  author={Den Haan, Wouter J and Ramey, Garey and Watson, Joel},
  journal={American economic review},
  volume={90},
  number={3},
  pages={482--498},
  year={2000}
}

@article{fagereng2019mpc,
  title={MPC heterogeneity and household balance sheets},
  author={Fagereng, Andreas and Holm, Martin Blomhoff and Natvik, Gisle James James},
  journal={Available at SSRN 3399027},
  year={2019}
}

@book{schindler2011labor,
  title={Labor market regulations in low-, middle-and high-income countries: A new panel database},
  author={Schindler, Mr Martin and Aleksynska, Ms Mariya},
  number={11-154},
  year={2011},
  publisher={International Monetary Fund}
}

@article{silva2009labor,
  title={Labor turnover costs and the cyclical behavior of vacancies and unemployment},
  author={Silva, Jos{\'e} Ignacio and Toledo, Manuel and others},
  journal={Macroeconomic Dynamics},
  volume={13},
  number={S1},
  pages={76--96},
  year={2009}
}

@techreport{hagedorn2019fiscal,
  title={The fiscal multiplier},
  author={Hagedorn, Marcus and Manovskii, Iourii and Mitman, Kurt},
  year={2019},
  institution={National Bureau of Economic Research}
}

@article{shapiro2003consumer,
  title={Consumer response to tax rebates},
  author={Shapiro, Matthew D and Slemrod, Joel},
  journal={American Economic Review},
  volume={93},
  number={1},
  pages={381--396},
  year={2003}
}

@article{gali1999inflation,
  title={Inflation dynamics: A structural econometric analysis},
  author={Gal{\i}, Jordi and Gertler, Mark},
  journal={Journal of monetary Economics},
  volume={44},
  number={2},
  pages={195--222},
  year={1999},
  publisher={Elsevier}
}

@techreport{pedersen2013drives,
  title={What drives the business cycle in a small open economy? Evidence from an estimated DSGE model of the Danish economy},
  author={Pedersen, Jesper and Ravn, S{\o}ren Hove},
  year={2013},
  institution={Danmarks Nationalbank Working Papers}
}

@article{den2018unemployment,
  title={Unemployment (fears) and deflationary spirals},
  author={Den Haan, Wouter J and Rendahl, Pontus and Riegler, Markus},
  journal={Journal of the European Economic Association},
  volume={16},
  number={5},
  pages={1281--1349},
  year={2018},
  publisher={Oxford University Press}
}


@article{gornemann2016doves,
  title={Doves for the rich, hawks for the poor? Distributional consequences of monetary policy},
  author={Gornemann, Nils and Kuester, Keith and Nakajima, Makoto},
  year={2016},
  publisher={CEPR Discussion Paper No. DP11233}
}


@article{hall2005employment,
  title={Employment fluctuations with equilibrium wage stickiness},
  author={Hall, Robert E},
  journal={American economic review},
  volume={95},
  number={1},
  pages={50--65},
  year={2005}
}

@article{shimer2005cyclical,
  title={The cyclical behavior of equilibrium unemployment and vacancies},
  author={Shimer, Robert},
  journal={American economic review},
  volume={95},
  number={1},
  pages={25--49},
  year={2005}
}

@article{christiano2016unemployment,
  title={Unemployment and business cycles},
  author={Christiano, Lawrence J and Eichenbaum, Martin S and Trabandt, Mathias},
  journal={Econometrica},
  volume={84},
  number={4},
  pages={1523--1569},
  year={2016},
  publisher={Wiley Online Library}
}

@article{broda2014economic,
  title={The economic stimulus payments of 2008 and the aggregate demand for consumption},
  author={Broda, Christian and Parker, Jonathan A},
  journal={Journal of Monetary Economics},
  volume={68},
  pages={S20--S36},
  year={2014},
  publisher={Elsevier}
}

@article{souleles1999response,
  title={The response of household consumption to income tax refunds},
  author={Souleles, Nicholas S},
  journal={American Economic Review},
  volume={89},
  number={4},
  pages={947--958},
  year={1999}
}

@article{sahm2010household,
  title={Household response to the 2008 tax rebate: Survey evidence and aggregate implications},
  author={Sahm, Claudia R and Shapiro, Matthew D and Slemrod, Joel},
  journal={Tax Policy and the Economy},
  volume={24},
  number={1},
  pages={69--110},
  year={2010},
  publisher={The University of Chicago Press}
}

@article{shapiro2009did,
  title={Did the 2008 tax rebates stimulate spending?},
  author={Shapiro, Matthew D and Slemrod, Joel},
  journal={American Economic Review},
  volume={99},
  number={2},
  pages={374--79},
  year={2009}
}

@article{johnson2006household,
  title={Household expenditure and the income tax rebates of 2001},
  author={Johnson, David S and Parker, Jonathan A and Souleles, Nicholas S},
  journal={American Economic Review},
  volume={96},
  number={5},
  pages={1589--1610},
  year={2006}
}

@techreport{mckay2016optimal,
  title={Optimal automatic stabilizers},
  author={McKay, Alisdair and Reis, Ricardo},
  year={2016},
  institution={National Bureau of Economic Research}
}


@article{tella2003macroeconomics,
  title={The macroeconomics of happiness},
  author={Tella, Rafael Di and MacCulloch, Robert J and Oswald, Andrew J},
  journal={Review of Economics and Statistics},
  volume={85},
  number={4},
  pages={809--827},
  year={2003},
  publisher={MIT Press}
}

@article{wolfers2003business,
  title={Is business cycle volatility costly? Evidence from surveys of subjective well-being},
  author={Wolfers, Justin},
  journal={International finance},
  volume={6},
  number={1},
  pages={1--26},
  year={2003},
  publisher={Wiley Online Library}
}

@techreport{auclert2018intertemporal,
  title={The intertemporal keynesian cross},
  author={Auclert, Adrien and Rognlie, Matthew and Straub, Ludwig},
  year={2018},
  institution={National Bureau of Economic Research}
}
@techreport{auclert2020micro,
  title={Micro Jumps, Macro Humps: monetary policy and business cycles in an estimated HANK model},
  author={Auclert, Adrien and Rognlie, Matthew and Straub, Ludwig},
  year={2020},
  institution={National Bureau of Economic Research}
}

 @article{bilbiie2008limited,
  title={Limited asset markets participation, monetary policy and (inverted) aggregate demand logic},
  author={Bilbiie, Florin O},
  journal={Journal of economic theory},
  volume={140},
  number={1},
  pages={162--196},
  year={2008},
  publisher={Elsevier}
}

@article{justiniano2010investment,
  title={Investment shocks and business cycles},
  author={Justiniano, Alejandro and Primiceri, Giorgio E and Tambalotti, Andrea},
  journal={Journal of Monetary Economics},
  volume={57},
  number={2},
  pages={132--145},
  year={2010},
  publisher={Elsevier}
}

@article{Indkomster2014DST,
  title={Indkomster 2014},
  author={Danmarks Statistic},
  year={2014},
}




@article{broer2020new,
  title={The New Keynesian transmission mechanism: A heterogeneous-agent perspective},
  author={Broer, Tobias and Harbo Hansen, Niels-Jakob and Krusell, Per and {\"O}berg, Erik},
  journal={The Review of Economic Studies},
  volume={87},
  number={1},
  pages={77--101},
  year={2020},
  publisher={Oxford University Press}
}


@techreport{werning2015incomplete,
  title={Incomplete markets and aggregate demand},
  author={Werning, Iv{\'a}n},
  year={2015},
  institution={National Bureau of Economic Research}
}

@article{ravn2016macroeconomic,
  title={Macroeconomic fluctuations with HANK \& SAM: An analytical approach},
  author={Ravn, Morten O and Sterk, Vincent},
  year={2016},
  publisher={CEPR Discussion Paper No. DP11696}
}


@article{ravn2017job,
  title={Job uncertainty and deep recessions},
  author={Ravn, Morten O and Sterk, Vincent},
  journal={Journal of Monetary Economics},
  volume={90},
  pages={125--141},
  year={2017},
  publisher={Elsevier}
}

@article{lucas2003macroeconomic,
  title={Macroeconomic priorities},
  author={Lucas Jr, Robert E},
  journal={American economic review},
  volume={93},
  number={1},
  pages={1--14},
  year={2003}
}

@book{pissarides2000equilibrium,
  title={Equilibrium unemployment theory},
  author={Pissarides, Christopher A},
  year={2000},
  publisher={MIT press}
}
@article{mortensen1994job,
  title={Job creation and job destruction in the theory of unemployment},
  author={Mortensen, Dale T and Pissarides, Christopher A},
  journal={The review of economic studies},
  volume={61},
  number={3},
  pages={397--415},
  year={1994},
  publisher={Wiley-Blackwell}
}